                  @online{wikipedia,
                  title={Wikipedia},
                  author={Wikipedia},
                  url={https://en.wikipedia.org/w/index.php?title=Wikipedia&oldid=779855151},
                  date={2017-05-11},
                  urldate={2017-05-11}
                  }
                  @online{talkhelp,
                  title={Help:Using talk pages},
                  author={Wikipedia},
                  url={https://en.wikipedia.org/w/index.php?title=Help:Using_talk_pages&oldid=776611301},
                  date={2017-04-21},
                  urldate={2017-05-11}
                  }
                  @online{histhelp,
                  title={Help:Page history},
                  author={Wikipedia},
                  url={https://en.wikipedia.org/w/index.php?title=Help:Page_history&oldid=766814914},
                  date={2017-02-22},
                  urldate={2017-05-11}
                  }
                  @online{wmflabs,
                  title={Help:Tool Labs},
                  author={Wikitech},
                  url={https://wikitech.wikimedia.org/w/index.php?title=Help:Tool_Labs&oldid=1758703},
                  date={2017-05-08},
                  urldate={2017-05-11}
                  }
                  @online{
                  register,
                  title={Wikipedia:Why create an account?},
                  author={Wikipedia},
                  url={https://en.wikipedia.org/w/index.php?title=Wikipedia:Why_create_an_account%3F&oldid=779949646},
                  date={2017-05-11},
                  urldate={2017-05-12}
                  }
                  @online{move,
                  title={Wikipedia:Moving a page},
                  author={Wikipedia},
                  url={https://en.wikipedia.org/w/index.php?title=Wikipedia:Moving_a_page&oldid=779647774},
                  date={2017-05-09},
                  urldate={2017-05-12}
                  }
                  @online{historymerge,
                  title={Wikipedia:Administrators' guide/Fixing cut-and-paste moves},
                  author={Wikipedia},
                  url={https://en.wikipedia.org/w/index.php?title=Wikipedia:Administrators%27_guide/Fixing_cut-and-paste_moves&oldid=756438110},
                  date={2016-12-24},
                  urldate={2017-05-12}
                  }
                  @online{sqltime,
                  title={Date and Time Literals - MySQL 5.7 Reference Manual},
                  author={MySQl Documentation Team et al},
                  publisher={Oracle},
                  url={https://dev.mysql.com/doc/refman/5.7/en/date-and-time-literals.html},
                  year={2017},
                  urldate={2017-05-12}
                  }
                  @online{namespace,
                  title={Wikipedia:Namespace},
                  author={Wikipedia},
                  date={2017-04-05},
                  urldate={2017-05-12},
                  url={https://en.wikipedia.org/w/index.php?title=Wikipedia:Namespace&oldid=773957607}
                  }
                  @online{grid,
                  title={Help:Tool Labs/Grid},
                  author={Wikitech},
                  url={https://wikitech.wikimedia.org/w/index.php?title=Help:Tool_Labs/Grid&oldid=1755063},
                  date={2017-04-05},
                  urldate={2017-05-01}
                  }
                  @online{csd,
                  title={Wikipedia:Criteria for speedy deletion},
                  author={Wikipedia},
                  url={https://en.wikipedia.org/w/index.php?title=Wikipedia:Criteria_for_speedy_deletion&oldid=779052095},
                  date={2017-05-06},
                  urldate={2017-05-15}
                  }
                  @online{mwxml,
                  title={mwxml 0.3.0 documentation},
                  author={Aaron Halfaker},
                  url={http://pythonhosted.org/mwxml/},
                  date={2017-05-03},
                  urldate={2017-05-03}
                  }
                  @online{confirm,
                  title={Wikipedia:User access levels},
                  author={Wikipedia},
                  url={https://en.wikipedia.org/wiki/Wikipedia:User_access_levels&oldid=796409520#Confirmed},
                  date={2017-08-20},
                  urldate={2017-08-20}
                  }
                  @online{wmfrenamed,
                  title={Labs and Tool Labs being renamed},
                  author={Bryan Davis},
                  url={https://phabricator.wikimedia.org/phame/post/view/59/labs_and_tool_labs_being_renamed/},
                  date={2017-07-12},
                  urldate={2017-08-28}
                  }
                  @online{oopsydoopsy,
                  title={Wikipedia:Village pump/June 2003 archive 6},
                  author={Brion Vibber},
                  date={2003-06-25},
                  urldate={2017-08-28},
                  url={https://en.wikipedia.org/w/index.php?title=Wikipedia:Village_pump/June_2003_archive_6&oldid=577146248}
                  }
                  @online{oopsexplained,
                  title={Wikipedia:Special pages bug reports},
                  author={Jan Hidders},
                  date={2002-02-26},
                  urldate={2017-08-28},
                  url={https://en.wikipedia.org/wiki/Wikipedia:Special_pages_bug_reports&oldid=421916577#My_watchlist}
                  }

@online{
phase2,
title={Wikipedia:Phase II software},
author={Wikipedia},
url={https://en.wikipedia.org/w/index.php?title=Wikipedia:Phase_II_software&oldid=773132107},
date={2017-03-31},
urldate={2017-08-29}
}

@online{keptpages,
title={KeptPages},
author={Meatball Wiki},
url={http://meatballwiki.org/wiki/KeptPages},
date={2008-06-29},
urldate={2017-08-29}
}
@online{utf8,
title={Help:Multilingual support},
author={Wikipedia},
date={2017-09-01},
urldate={2017-09-04},
url={https://en.wikipedia.org/w/index.php?title=Help:Multilingual_support&oldid=798440338#cite_note-1}
}

@online{userpage,
title={Wikipedia:User pages},
author={Wikipedia},
date={2017-08-24},
urldate={2017-09-05},
url={https://en.wikipedia.org/w/index.php?title=Wikipedia:User_pages&oldid=796983967}
}
@online{paultseng,
title={Logs related to Paul tseng},
author={graham87},
url={https://en.wikipedia.org/w/index.php?title=Special:Log&offset=20170429051557&limit=8&type=&user=Graham87&page=&tagfilter=&hide_thanks_log=1&hide_patrol_log=1&hide_tag_log=1&hide_review_log=1&month=5&year=2017},
date={2017-04-29},
urldate={2017-04-29}
}
@online{signatures,
title={Wikipedia:Signatures},
author={Wikipedia},
url={https://en.wikipedia.org/w/index.php?title=Wikipedia:Signatures&oldid=798283702},
date={2017-09-01},
urldate={2017-09-05}
}
@online{sinebot,
title={user:SineBot},
author={Slakr},
url={https://en.wikipedia.org/w/index.php?title=User:SineBot&oldid=749437682},
date={2016-11-14},
urldate={2017-09-05}
}
@online{percents,
title={talk:\%s},
author={Wikipedia},
url={https://en.wikipedia.org/w/index.php?title=Talk:\%25s&oldid=785959123},
date={2017-06-16},
urldate={2017-09-05}
}
@online{dabdabdab,
title={Wikipedia:Disambiguation},
author={Wikipedia},
url={https://en.wikipedia.org/w/index.php?title=Wikipedia:Disambiguation&oldid=798019104},
date={2017-08-30},
urldate={2017-09-05}
}
@online{arithmetic,
title={Arithmetic: Revision history},
author={Wikipedia},
urldate={2017-09-05},
url={https://en.wikipedia.org/w/index.php?title=Arithmetic&dir=prev&action=history}
}
@online{arithmetictalk,
title={Talk:Arithmetic: Revision history},
author={Wikipedia},
urldate={2017-09-05},
url={https://en.wikipedia.org/w/index.php?title=Talk:Arithmetic&dir=prev&action=history}
}
@online{usemod,
title={UseModWiki},
author={Wikipedia},
url={https://en.wikipedia.org/w/index.php?title=UseModWiki&oldid=797572191},
date={2017-08-27},
urldate={2017-08-28}
}